@incollection{itoyama,
year={2006},
isbn={978-1-4020-5260-6},
booktitle={Advances in Computer, Information, and Systems Sciences, and Engineering},
editor={Elleithy, Khaled and Sobh, Tarek and Mahmood, Ausif and Iskander, Magued and Karim, Mohammad},
doi={10.1007/1-4020-5261-8_16},
title={Real-time Vehicle Detection Using Information of Shadows Underneath Vehicles},
url={http://dx.doi.org/10.1007/1-4020-5261-8_16},
publisher={Springer Netherlands},
author={Iwasaki, Yoichiro and Itoyama, Hisato},
pages={94-98},
language={English}
}


@ARTICLE{dailey, 
author={Dailey, D.J. and Cathey, F.W. and Pumrin, S.}, 
journal={ IEEE Transactions on Intelligent Transportation Systems,}, 
title={An algorithm to estimate mean traffic speed using uncalibrated cameras}, 
year={2000}, 
volume={1}, 
number={2}, 
pages={98-107}, 
keywords={automobiles;computational geometry;computer vision;edge detection;image sequences;motion estimation;optical tracking;road traffic;1D geometry;computer vision;frame differencing;image sequences;motion estimation;road vehicles;tracking;traffic speed;uncalibrated cameras;Calibration;Cameras;Geometry;Image edge detection;Layout;Roads;Traffic control;Transportation;Vehicle detection;Velocity measurement}, 
doi={10.1109/6979.880967}, 
ISSN={1524-9050}, }

@ARTICLE{jie, 
author={Jie Zhou and Dashan Gao and Zhang, D.}, 
journal={ IEEE Transactions on Vehicular Technology}, 
title={Moving Vehicle Detection for Automatic Traffic Monitoring}, 
year={2007}, 
volume={56}, 
number={1}, 
pages={51-59}, 
keywords={adaptive estimation;automated highways;object detection;pattern classification;principal component analysis;road traffic;support vector machines;traffic engineering computing;adaptive background estimation;automatic traffic monitoring;moving vehicle detection;principal component analysis;support vector machine;video-based traffic monitoring system;Computerized monitoring;Condition monitoring;Histograms;Lighting;Principal component analysis;Support vector machine classification;Support vector machines;Traffic control;Vehicle detection;Vehicles;Principal component analysis (PCA);statistical learning;support vector machine (SVM);video-based traffic monitoring}, 
doi={10.1109/TVT.2006.883735}, 
ISSN={0018-9545}, 
month={Jan},}

@incollection{yung, 
author={Yung, N.H.C. and Lai, A.H.S.}, 
booktitle={Proceedings of the 1998 IEEE International Symposium on Circuits and Systems. (ISCAS)}, 
title={Detection of vehicle occlusion using a generalized deformable model}, 
year={1998}, 
volume={4}, 
pages={154-157 vol.4}, 
keywords={image processing;road traffic;road vehicles;traffic control;3D solid cuboid model;generalized deformable model;modeling algorithm;parameterized vertices;traffic surveillance;vehicle occlusion;Automotive engineering;Deformable models;Detection algorithms;Image segmentation;Road vehicles;Solid modeling;Surveillance;Testing;Traffic control;Vehicle detection}, 
doi={10.1109/ISCAS.1998.698782}, 
month={May},}

@ARTICLE{wang, 
author={Huan Wang and Haichun Zhang}, 
journal={International Journal of Multimedia and Ubiqitous Engineering}, 
title={A Hybrid Method of Vehicle Detection based on Computer Vision for Intelligent Transportation System}, 
year={2014}, 
volume={9}, 
number={6}, 
pages={105-118}, }


@ARTICLE{jhumat, 
author={Siddharth Jhumat}, 
journal={International Journal of Advanced Research and Communication Engineering}, 
title={Vehicle Speed Estimation in Accident Prone Areas using Image Processing}, 
year={2014}, 
volume={3}, 
number={5}, }

@inproceedings{horn,
  title={Determining optical flow},
  author={Horn, Berthold K and Schunck, Brian G},
  booktitle={1981 Technical symposium east},
  pages={319--331},
  year={1981},
  organization={International Society for Optics and Photonics}
}

@inproceedings{lucas,
  title={An iterative image registration technique with an application to stereo vision.},
  author={Lucas, Bruce D and Kanade, Takeo and others},
  booktitle={International Joint Conference on Artificial Intelligence},
  volume={81},
  pages={674--679},
  year={1981}
}